@inproceedings{tomassi2021real,
  title={On the Real-World Effectiveness of Static Bug Detectors at Finding Null Pointer Exceptions},
  author={Tomassi, David A and Rubio-Gonz{\'a}lez, Cindy},
  booktitle={2021 36th IEEE/ACM International Conference on Automated Software Engineering (ASE)},
  pages={292--303},
  year={2021},
  organization={IEEE}
}

@inproceedings{ChristakisB16,
  author    = {Maria Christakis and
               Christian Bird},
  title     = {What developers want and need from program analysis: an empirical
               study},
  booktitle = {Proceedings of the 31st {IEEE/ACM} International Conference on Automated
               Software Engineering, {ASE} 2016, Singapore, September 3-7, 2016},
  pages     = {332--343},
  publisher = {{ACM}},
  year      = {2016}
}

@inproceedings{kallingal2021validating,
  title={Validating static warnings via testing code fragments},
  author={Kallingal Joshy, Ashwin and Chen, Xueyuan and Steenhoek, Benjamin and Le, Wei},
  booktitle={Proceedings of the 30th ACM SIGSOFT International Symposium on Software Testing and Analysis},
  pages={540--552},
  year={2021}
}
@inproceedings{calcagno2015moving,
  title={Moving fast with software verification},
  author={Calcagno, Cristiano and Distefano, Dino and Dubreil, J{\'e}r{\'e}my and Gabi, Dominik and Hooimeijer, Pieter and Luca, Martino and Oâ€™Hearn, Peter and Papakonstantinou, Irene and Purbrick, Jim and Rodriguez, Dulma},
  booktitle={NASA Formal Methods Symposium},
  pages={3--11},
  year={2015},
  organization={Springer}
}


@inproceedings{wang2018there,
  title={Is there a" golden" feature set for static warning identification? an experimental evaluation},
  author={Wang, Junjie and Wang, Song and Wang, Qing},
  booktitle={Proceedings of the 12th ACM/IEEE international symposium on empirical software engineering and measurement},
  pages={1--10},
  year={2018}
}

@inproceedings{ruthruff2008predicting,
  title={Predicting accurate and actionable static analysis warnings},
  author={Ruthruff, Joseph and Penix, John and Morgenthaler, J and Elbaum, Sebastian and Rothermel, Gregg},
  booktitle={2008 ACM/IEEE 30th International Conference on Software Engineering},
  pages={341--350},
  year={2008},
  organization={IEEE}
}

@inproceedings{liang2010automatic,
  title={Automatic construction of an effective training set for prioritizing static analysis warnings},
  author={Liang, Guangtai and Wu, Ling and Wu, Qian and Wang, Qianxiang and Xie, Tao and Mei, Hong},
  booktitle={Proceedings of the IEEE/ACM international conference on Automated software engineering},
  pages={93--102},
  year={2010}
}

@inproceedings{heckman2009model,
  title={A model building process for identifying actionable static analysis alerts},
  author={Heckman, Sarah and Williams, Laurie},
  booktitle={2009 International conference on software testing verification and validation},
  pages={161--170},
  year={2009},
  organization={IEEE}
}

@inproceedings{heckman2008establishing,
  title={On establishing a benchmark for evaluating static analysis alert prioritization and classification techniques},
  author={Heckman, Sarah and Williams, Laurie},
  booktitle={Proceedings of the Second ACM-IEEE international symposium on Empirical software engineering and measurement},
  pages={41--50},
  year={2008}
}

@inproceedings{hanam2014finding,
  title={Finding patterns in static analysis alerts: improving actionable alert ranking},
  author={Hanam, Quinn and Tan, Lin and Holmes, Reid and Lam, Patrick},
  booktitle={Proceedings of the 11th working conference on mining software repositories},
  pages={152--161},
  year={2014}
}

@inproceedings{johnson2013don,
  title={Why don't software developers use static analysis tools to find bugs?},
  author={Johnson, Brittany and Song, Yoonki and Murphy-Hill, Emerson and Bowdidge, Robert},
  booktitle={2013 35th International Conference on Software Engineering (ICSE)},
  pages={672--681},
  year={2013},
  organization={IEEE}
}
@inproceedings{thung2012extent,
  title={To what extent could we detect field defects? an empirical study of false negatives in static bug finding tools},
  author={Thung, Ferdian and Lo, David and Jiang, Lingxiao and Rahman, Foyzur and Devanbu, Premkumar T and others},
  booktitle={2012 Proceedings of the 27th IEEE/ACM International Conference on Automated Software Engineering},
  pages={50--59},
  year={2012},
  organization={IEEE}
}

@inproceedings{Tu21,
  author    = {Huy Tu and
               Tim Menzies},
  title     = {{FRUGAL:} Unlocking Semi-Supervised Learning for Software Analytics},
  booktitle = {36th {IEEE/ACM} International Conference on Automated Software Engineering,
               {ASE} 2021, Melbourne, Australia, November 15-19, 2021},
  pages     = {394--406},
  year      = {2021},
  url       = {https://doi.org/10.1109/ASE51524.2021.9678617},
  doi       = {10.1109/ASE51524.2021.9678617},
  timestamp = {Mon, 24 Jan 2022 16:18:34 +0100},
  biburl    = {https://dblp.org/rec/conf/kbse/TuM21.bib},
  bibsource = {dblp computer science bibliography, https://dblp.org}
}

@inproceedings{habib2018many,
  title={How many of all bugs do we find? a study of static bug detectors},
  author={Habib, Andrew and Pradel, Michael},
  booktitle={2018 33rd IEEE/ACM International Conference on Automated Software Engineering (ASE)},
  pages={317--328},
  year={2018},
  organization={IEEE}
}

@inproceedings{ayewah2010google,
  title={The google findbugs fixit},
  author={Ayewah, Nathaniel and Pugh, William},
  booktitle={Proceedings of the 19th international symposium on Software testing and analysis},
  pages={241--252},
  year={2010}
}

@article{sadowski2018lessons,
  title={Lessons from building static analysis tools at google},
  author={Sadowski, Caitlin and Aftandilian, Edward and Eagle, Alex and Miller-Cushon, Liam and Jaspan, Ciera},
  journal={Communications of the ACM},
  volume={61},
  number={4},
  pages={58--66},
  year={2018},
  publisher={ACM New York, NY, USA}
}

@inproceedings{beller2016analyzing,
  title={Analyzing the state of static analysis: A large-scale evaluation in open source software},
  author={Beller, Moritz and Bholanath, Radjino and McIntosh, Shane and Zaidman, Andy},
  booktitle={2016 IEEE 23rd International Conference on Software Analysis, Evolution, and Reengineering (SANER)},
  volume={1},
  pages={470--481},
  year={2016},
  organization={IEEE}
}
@inproceedings{zampetti2017open,
  title={How open source projects use static code analysis tools in continuous integration pipelines},
  author={Zampetti, Fiorella and Scalabrino, Simone and Oliveto, Rocco and Canfora, Gerardo and Di Penta, Massimiliano},
  booktitle={2017 IEEE/ACM 14th International Conference on Mining Software Repositories (MSR)},
  pages={334--344},
  year={2017},
  organization={IEEE}
}

@inproceedings{panichella2015would,
  title={Would static analysis tools help developers with code reviews?},
  author={Panichella, Sebastiano and Arnaoudova, Venera and Di Penta, Massimiliano and Antoniol, Giuliano},
  booktitle={2015 IEEE 22nd International Conference on Software Analysis, Evolution, and Reengineering (SANER)},
  pages={161--170},
  year={2015},
  organization={IEEE}
}

@article{vassallo2020developers,
  title={How developers engage with static analysis tools in different contexts},
  author={Vassallo, Carmine and Panichella, Sebastiano and Palomba, Fabio and Proksch, Sebastian and Gall, Harald C and Zaidman, Andy},
  journal={Empirical Software Engineering},
  volume={25},
  number={2},
  pages={1419--1457},
  year={2020},
  publisher={Springer}
}

@inproceedings{banerjee2019nullaway,
  title={Nullaway: Practical type-based null safety for java},
  author={Banerjee, Subarno and Clapp, Lazaro and Sridharan, Manu},
  booktitle={Proceedings of the 2019 27th ACM Joint Meeting on European Software Engineering Conference and Symposium on the Foundations of Software Engineering},
  pages={740--750},
  year={2019}
}
@inproceedings{imtiaz2019developers,
  title={How do developers act on static analysis alerts? an empirical study of coverity usage},
  author={Imtiaz, Nasif and Murphy, Brendan and Williams, Laurie},
  booktitle={2019 IEEE 30th International Symposium on Software Reliability Engineering (ISSRE)},
  pages={323--333},
  year={2019},
  organization={IEEE}
}